

@techreport{NUREG/CR-7197,
  address =       {Washington, DC},
  author =        {K. McGrattan and S. Bareham},
  institution =   {United States Nuclear Regulatory Commission},
  type =          {{NUREG/CR}-7197},
  title =         {{Heat Release Rates of Electrical Enclosure Fires
                   (HELEN-FIRE)}},
  year =          {2015},
}

@techreport{NUREG-2178,
  address =       {Washington, DC},
  author =        {A. Lindeman and M.H. Salley},
  institution =   {United States Nuclear Regulatory Commission},
  month =         {April},
  type =          {{NUREG}-2178},
  title =         {{Refining And Characterizing Heat Release Rates From
                   Electrical Enclosures During Fire (RACHELLE-FIRE),
                   Volume 1: Peak Heat Release Rates and Effect of
                   Obstructed Plume}},
  year =          {2016},
}

@techreport{NUREG2230,
  address =       {Washington, DC},
  author =        {A. Lindeman and M. Chi-Miranda and S. Cooper},
  institution =   {United States Nuclear Regulatory Commission and
                   Electric Power Research Institute},
  number =        {2230},
  type =          {NUREG},
  title =         {{Methodology for Modeling Fire Growth and Suppression
                   Response for Electrical Cabinet Fires in Nuclear
                   Power Plants}},
  year =          {2020},
}

@techreport{OLIVE-FIRE,
  address =       {Gaithersburg, Maryland},
  author =        {McGrattan, K.B. and Leventon, I.T.},
  institution =   {National Institute of Standards and Technology},
  month =         {August},
  type =          {{NIST Technical Note 2232}},
  title =         {{Oxygen-Limited Fires Inside Under-Ventilated
                   Enclosures (OLIVE-FIRE)}},
  year =          {2022},
}

@techreport{leventon2024nist,
  address =       {Gaithersburg, Maryland},
  author =        {Leventon, I.T. and Heck, M.V. and McGrattan, K.B. and
                   Bundy, M.F. and Davis, R.D.},
  institution =   {National Institute of Standards and Technology},
  month =         {February},
  number =        {2282},
  type =          {NIST Technical Note},
  title =         {{The Impact of Material Composition on Ignitability
                   and Fire Growth. Volume 1: Full-Scale Burning
                   Behavior of Combustible Solids Commonly Found in
                   Nuclear Power Plants}},
  year =          {2024},
}

@techreport{CAROLFIRE,
  address =       {Washington, DC},
  author =        {S.P. Nowlen and F.J. Wyant and K.B. McGrattan},
  institution =   {United States Nuclear Regulatory Commission},
  month =         {April},
  number =        {6931},
  type =          {NUREG/CR},
  title =         {{Cable Response to Live Fire (CAROLFIRE)}},
  year =          {2008},
}

@inproceedings{Putorti:SMIRT23,
  address =       {Salford, UK},
  author =        {A. Putorti and M. Melly and S. Bareham and
                   J. Praydis},
  booktitle =     {23rd International Conference on Structural Mechanics
                   in Reactor Technology (SMiRT 23)---14th International
                   Post-Conference Seminar on Fire Safety in Nuclear
                   Power Plants and Installations},
  month =         {August},
  title =         {{Characterizing the Thermal Effects of High Energy
                   Arc Faults}},
  year =          {2015},
}

@techreport{bryant2019nist,
  address =       {Gaithersburg, Maryland},
  author =        {Bryant, R.A. and Bundy, M.F.},
  institution =   {National Institute of Standards and Technology},
  number =        {2077},
  type =          {NIST Technical Note},
  title =         {{The NIST 20 MW Calorimetry measurement system for
                   large-fire research}},
  year =          {2019},
}

@inbook{SFPE:Walton,
  address =       {New York},
  author =        {W.D. Walton and P.H. Thomas and Y. Ohmiya},
  chapter =       {{Estimating Temperatures in Compartment Fires}},
  edition =       {5th},
  publisher =     {Springer},
  title =         {SFPE Handbook of Fire Protection Engineering},
  year =          {2016},
}

@manual{ASTMD7309,
  address =       {West Conshohocken, Pennsylvania},
  organization =  {American Society for Testing and Materials
                   International},
  title =         {{ASTM D7309-21b, Standard Test Method for Determining
                   Flammability Characteristics of Plastics and Other
                   Solid Materials Using Microscale Combustion
                   Calorimetry}},
  year =          {2021},
}

@article{lyon2021molecular,
  author =        {Lyon, Richard E and Safronava, Natallia and
                   Crowley, Sean and Walters, Richard N},
  journal =       {Polymer Degradation and Stability},
  pages =         {109478},
  publisher =     {Elsevier},
  title =         {A molecular-level fire growth parameter},
  volume =        {186},
  year =          {2021},
}

@techreport{DOT/FAA/TC-20/30,
  address =       {Atlantic City International Airport, NJ},
  author =        {Safronava, N. and Lyon, R.E. and Walters, R.N.},
  institution =   {Federal Aviation Administration Aviation},
  month =         {September},
  number =        {DOT/FAA/TC-20/30},
  type =          {FAA Technical Report},
  title =         {{Microscale Fire Test for Component Substitutions in
                   Aircraft Cabin Materials}},
  year =          {2020},
}

@article{Huggett:1,
  author =        {Huggett, C.},
  journal =       {Fire and Materials},
  number =        {2},
  pages =         {61--65},
  title =         {{Estimation of Rate of Heat Release by Means of
                   Oxygen Consumption Measurements}},
  volume =        {4},
  year =          {1980},
}

@techreport{NEA_HEAF_2017,
  address =       {Paris},
  institution =   {Organisation for Economic Cooperation and Development (OECD) Nuclear Energy Agency (NEA)},
  type =          {Nuclear Safety},
  number =        {NEA/CSNI/R(2017)7},
  title =         {{Report on the Testing Phase (2014-2016) of the High Energy Arcing Fault Events (HEAF) Project}},
  month =         {May},
  year =          {2017},
}

